<?xml version="1.0" encoding="UTF-8"?><collection xmlns="http://www.loc.gov/MARC21/slim"><record><leader>00411nam--2200133-i-4500</leader><controlfield tag="001">000046427</controlfield><controlfield tag="002">20161230</controlfield><controlfield tag="005">20161230201046</controlfield><controlfield tag="008">060222s1000------------r-----000-0-eng-d</controlfield><datafield ind1=" " ind2=" " tag="080"><subfield code="a">621.315.5</subfield></datafield><datafield ind1=" " ind2=" " tag="100"><subfield code="a">Usov, V.V.Si Zaimovschi, A.S</subfield></datafield><datafield ind1=" " ind2=" " tag="245"><subfield code="a">Metale si aliaje electrotehnice. materiale pt.magneti, conductori, reostate si contacte electrice</subfield></datafield><datafield ind1=" " ind2=" " tag="260"><subfield code="a">Bucuresti, Ed.Energ.De Stat, 1952, 440p</subfield></datafield><datafield ind1=" " ind2=" " tag="852"><subfield code="a">3091</subfield></datafield></record></collection>